@article{Patterson1998RAID,
 author = {Patterson, David A. and Gibson, Garth and Katz, Randy H.},
 title = {{A Case for Redundant Arrays of Inexpensive Disks (RAID)}},
 journal = {SIGMOD Rec.},
 issue_date = {June 1988},
 volume = {17},
 number = {3},
 month = jun,
 year = {1988},
 issn = {0163-5808},
 pages = {109--116},
 numpages = {8},
 url = {http://doi.acm.org/10.1145/971701.50214},
 doi = {10.1145/971701.50214},
 acmid = {50214},
 publisher = {ACM},
 address = {New York, NY, USA},
}

@misc{nfs,
title={Network File System (NFS)},
url={http://pages.cs.wisc.edu/~remzi/OSTEP/dist-nfs.pdf}}
@misc{persistentds,
title={{Persistent Data Structure}},
url={https://en.wikipedia.org/wiki/Persistent_data_structure}
}

@book{lin2004ecc,
  title={Error control coding},
  author={Lin, Shu and Costello, Daniel J},
  volume={2},
  year={2004},
  publisher={Prentice Hall Englewood Cliffs}
}

@article{AndersonXFS,
 author = {Anderson, T. E. and Dahlin, M. D. and Neefe, J. M. and Patterson, D. A. and Roselli, D. S. and Wang, R. Y.},
 title = {Serverless Network File Systems},
 journal = {SIGOPS Oper. Syst. Rev.},
 issue_date = {Dec. 3, 1995},
 volume = {29},
 number = {5},
 month = {Dec},
 year = {1995},
 issn = {0163-5980},
 pages = {109--126},
 numpages = {18},
 url = {http://doi.acm.org/10.1145/224057.224066},
 doi = {10.1145/224057.224066},
 acmid = {224066},
 publisher = {ACM},
 address = {New York, NY, USA},
} 

@phdthesis{Hartman1994Zebra,
    Author = {Hartman, John Henry},
    Title = {The Zebra Striped Network File System},
    School = {EECS Department, University of California, Berkeley},
    Year = {1994},
    Month = {Dec},
    URL = {http://www.eecs.berkeley.edu/Pubs/TechRpts/1994/5596.html},
    Number = {UCB/CSD-95-867}
}